<collection xmlns="http://www.loc.gov/MARC21/slim">
<record>
  <leader>01156nam0a2200253 i 450 </leader>
  <controlfield tag="001">IT\ICCU\CNCE\077410</controlfield>
  <controlfield tag="005">20140312000000.0</controlfield>
  <datafield tag="012" ind1=" " ind2=" ">
    <subfield code="a">I,,&amp; e.e, o.NO E&apos;L&apos; (3) 1598 (A)</subfield>
    <subfield code="2">fei</subfield>
  </datafield>
  <datafield tag="100" ind1=" " ind2=" ">
    <subfield code="a">20120509d1598        0itac0103    ba</subfield>
  </datafield>
  <datafield tag="101" ind1=" " ind2=" ">
    <subfield code="a">ITA</subfield>
  </datafield>
  <datafield tag="102" ind1=" " ind2=" ">
    <subfield code="a">DE</subfield>
  </datafield>
  <datafield tag="200" ind1="1" ind2=" ">
    <subfield code="a">Rime farnesiane di Gio. Battista Massarengo academico Innominato; ristampate pi ̮correttamente, et all&apos;illustriss. signor conte Marc&apos;Antonio Scoti dedicate</subfield>
  </datafield>
  <datafield tag="210" ind1=" " ind2=" ">
    <subfield code="a">In Augusta</subfield>
    <subfield code="c">appresso Gio. Pretorio</subfield>
    <subfield code="d">1598</subfield>
  </datafield>
  <datafield tag="215" ind1=" " ind2=" ">
    <subfield code="a">21, \3! p.</subfield>
    <subfield code="d">8ʻ</subfield>
  </datafield>
  <datafield tag="620" ind1=" " ind2=" ">
    <subfield code="a">DE</subfield>
    <subfield code="d">Augsburg</subfield>
  </datafield>
  <datafield tag="700" ind1=" " ind2="1">
    <subfield code="a">Massarengo,</subfield>
    <subfield code="b">Giovanni Battista</subfield>
    <subfield code="3">IT\ICCU\CNCA\010650</subfield>
  </datafield>
  <datafield tag="712" ind1="0" ind2="0">
    <subfield code="a">Schultes, Hans</subfield>
    <subfield code="3">IT\ICCU\CNCT\006400</subfield>
    <subfield code="4">650</subfield>
  </datafield>
  <datafield tag="790" ind1=" " ind2="1">
    <subfield code="a">Massarenghi,</subfield>
    <subfield code="b">Giovanni Battista</subfield>
    <subfield code="3">IT\ICCU\CNCA\010651</subfield>
    <subfield code="z">Massarengo, Giovanni Battista</subfield>
  </datafield>
  <datafield tag="791" ind1="0" ind2="0">
    <subfield code="a">Praetorius, Johannes</subfield>
    <subfield code="3">IT\ICCU\CNCT\006401</subfield>
    <subfield code="z">Schultes, Hans</subfield>
  </datafield>
  <datafield tag="791" ind1="0" ind2="0">
    <subfield code="a">Pretorio, Giovanni</subfield>
    <subfield code="3">IT\ICCU\CNCT\006402</subfield>
    <subfield code="z">Schultes, Hans</subfield>
  </datafield>
  <datafield tag="801" ind1=" " ind2="3">
    <subfield code="a">IT</subfield>
    <subfield code="b">ICCU</subfield>
    <subfield code="c">20201115</subfield>
  </datafield>
  <datafield tag="899" ind1=" " ind2=" ">
    <subfield code="a">Biblioteca Palatina. Parma</subfield>
    <subfield code="1">PR0072</subfield>
    <subfield code="2">PAR PA</subfield>
  </datafield>
  <datafield tag="899" ind1=" " ind2=" ">
    <subfield code="a">Biblioteca universitaria. Pavia</subfield>
    <subfield code="1">PV0291</subfield>
    <subfield code="2">MIL UP</subfield>
  </datafield>
  <datafield tag="899" ind1=" " ind2=" ">
    <subfield code="a">Biblioteca Norberto Bobbio dell&apos;Universit ̉degli Studi di Torino. Torino</subfield>
    <subfield code="1">TO1203</subfield>
    <subfield code="2">UTO BB</subfield>
  </datafield>
</record>
</collection>
